%TCC
@article{stallman2002free,
  title={What is free software},
  author={Stallman, Richard M},
  journal={Free Society: Selected Essays of},
  year={2002}
}

@phdthesis{meirelles2013,
title={Monitoramento de m{\'e}tricas de c{\'o}digo-fonte em projetos de software livre},
author={Meirelles, Paulo Roberto Miranda},
year={2013},
school={Universidade de S{\~a}o Paulo}
}

@book{catedralBazzar,
  title = {{The Cathedral \& the Bazaar}},
  publisher = {O'Reilly \& Associates, Inc.},
  year = {1999},
  author = {Raymond, Eric S.},
  address = {Sebastopol, CA, USA}
}

@book{stallman2009,
  title={Free software, free society: Selected essays of Richard M. Stallman},
  author={Stallman, Richard M and Gay, Joshua},
  year={2009},
  publisher={CreateSpace}
}

@ONLINE{gnu2013,
  author = {GNU Operating System},
  title = {O que é software livre? {@ONLINE}},
  month = nov,
  year = {2013},
  url = {http://www.gnu.org/philosophy/free-sw.en.html}
}

@book{akita2006repensando,
  title={Repensando a web com rails},
  author={Akita, F{\'a}bio},
  year={2006},
  publisher={Brasport}
}

@phdthesis{anaPaula2012,
  title={Aplica{\c{c}}{\~a}o de pr{\'a}ticas de usabilidade {\'a}gil em software livre},
  author={dos Santos, Ana Paula Oliveira},
  year={2012},
  school={Universidade de S{\~a}o Paulo}
}

@article{stein1999challenging,
  title={Challenging the computational metaphor: Implications for how we think},
  author={Stein, Lynn Andrea},
  journal={Cybernetics \& Systems},
  volume={30},
  number={6},
  pages={473--507},
  year={1999},
  publisher={Taylor \& Francis}
}

@book{tucker2009linguagens,
  title={Linguagens de Programa{\c{c}}{\~a}o-: Princ{\'\i}pios e Paradigmas},
  author={Tucker, Allen and Noonan, Robert},
  year={2009},
  publisher={Grupo A Educa{\c{c}}{\~a}o}
}

@book{rozanski2011software,
  title={Software systems architecture: working with stakeholders using viewpoints and perspectives},
  author={Rozanski, Nick and Woods, E{\'o}in},
  year={2011},
  publisher={Addison-Wesley}
}

@article{schlemmer2005ambiente,
  title={Ambiente virtual de aprendizagem (AVA): uma proposta para a sociedade em rede na cultura da aprendizagem},
  author={SCHLEMMER, Eliane},
  journal={Aprendizagem em ambientes virtuais: compartilhando ideias e construindo cen{\'a}rios. Caxias do Sul, RS: Educs},
  year={2005}
}

@article{behar2009avaliaccao,
  title={Avalia{\c{c}}{\~a}o da aprendizagem em ambientes virtuais},
  author={Behar, Patricia Alejandra and BASSANI, PS},
  journal={BEHAR, P. et al. Modelos pedag{\'o}gicos em educa{\c{c}}{\~a}o a dist{\^a}ncia. Puerto Alegre: Artmed},
  pages={93--113},
  year={2009}
}

@article{almeidaEAD,
  title={Tecnologia e Educa{\c{c}}{\~a}o a Dist{\^a}ncia: Abordagens e Contribui{\c{c}}{\~o}es dos Ambientes Digitais e Interativos de Aprendizagem},
  author={de Almeida, Maria Elizabeth Bianconcini},
  journal={Revista Brasileira de Educa{\c{c}}{\~a}o a Dist{\^a}ncia},
  pages={6}
}

@phdthesis {aguado2013dimensoes,
  title={Dimens{\~o}es de qualidade em Ambientes Virtuais de Aprendizagem},
  author={Aguado, Alexandre Garcia},
  year={2013},
  school={Universidade de S{\~a}o Paulo}
}

@book{chin2003virtual,
  title={Virtual Learning Environments},
  author={Chin, Paul},
  year={2003},
  publisher={Learning and Teaching Support Network}
}

@phdthesis{rodrigues2004advice,
  title={ADVICE-Um Ambiente Virtual Colaborativo para o Ensino a Dist{\^a}ncia},
  author={Rodrigues, Silviane G and Oliveira, JC and Peixoto, Marcos V},
  year={2004},
  school={Disserta{\c{c}}{\~a}o de Mestrado. Departamento de Sistemas e Computa{\c{c}}{\~a}o do Instituto Militar de Engenharia}
}

@book{pressman2011engenharia,
  title={Engenharia de software},
  author={Pressman, Roger S},
  year={2011},
  publisher={McGraw Hill Brasil}
}

@article{garlan1995introduction,
  title={Introduction to the special issue on software architecture},
  author={Garlan, David and Perry, Dewayne E},
  journal={IEEE Trans. Software Eng.},
  volume={21},
  number={4},
  pages={269--274},
  year={1995},
  publisher={Citeseer}
}

@article{bucher2014rede,
  title={Rede de colabora{\c{c}}{\~a}o social para universidades brasileiras: um estudo de caso de implanta{\c{c}}{\~a}o e desenvolvimento distribu{\'\i}do de uma plataforma livre na Universidade de Bras{\'\i}lia},
  author={Bucher, Daniel Costa},
  year={2014}
}

%Novas Referencias
@article{lientz1980software,
  title={Software M ainte—na\~{} ce Management},
  author={Lientz, Bennet P and Swanson, E Burton},
  journal={Addison—W esley},
  year={1980}
}

@book{pswebok2004,
  title={The Institute of Electrical and Electronics Engineers, Inc – IEEE},
  author={Swebok},
  year={2004},
  publisher={Software Engineering Body of Knowledge}
}

@phdthesis{paduelli2007manutencao,
  title={Manuten{\c{c}}{\~a}o de Software: problemas t{\'\i}picos e diretrizes para uma disciplina espec{\'\i}fica},
  author={Paduelli, Mateus Maida},
  year={2007},
  school={Universidade de S{\~a}o Paulo}
}


@article{rocha2002ambiente,
  title={O ambiente TelEduc para Educa{\c{c}}{\~a}o {\`a} Dist{\^a}ncia baseada na Web: Princ{\'\i}pios, Funcionalidades e Perspectivas de desenvolvimento},
  author={Rocha, Helo{\'\i}sa Vieira da and Moraes, MC},
  journal={Educa{\c{c}}{\~a}o a dist{\^a}ncia: Fundamentos e pr{\'a}ticas. Campinas, SP: UNICAMP/NIED},
  pages={197--212},
  year={2002}
}

%Ignorar
@phdthesis{berander2005,
 author = {Berander, Patrik and Damm, Lars-Ola and Eriksson, Jeanette and Gorschek, Tony and Henningsson, Kennet and Jönsson, Per and Kågström, Simon and Milicic, Drazen and Mårtensson, Frans and Rönkkö, Kari and Tomaszewski, Piotr},
 title = {Software quality attributes and trade-offs}, 
 school = {Blekinge Institute of Technology}, 
 year = {2005}
} // Compêndio 

@book{beck2000,
  title={eXtreme Programming eXplained: Embrace Change},
  author={Beck, Kent and Andres, Cynthia},
  year={2000},
  publisher={Addison-Wesley Longman Publishing Co.}
}

@book{martin2008,
  title={Clean Code - A Handbook of Agile Software Craftsmanship},
  author={Martin, Robert C.},
  year={2008},
  publisher={Prentice Hall}
}

@inproceedings{schmidt2001,
  author = {Schmidt, Douglas C. and Porter, Adam},
  title = {Leveraging Open-Source Communities To Improve the Quality Performance of Open-Source Software},
  booktitle = {Paper presented at the First Workshop on Open-Source Software Engineering},
  year = {2001}
}

@inproceedings{halloran2002,
    author = {Halloran, T. J. and Scherlis, William L.},
  title = {High quality and open source software practices},
  booktitle = {Paper presented at the Second Workshop on Open-Source Software Engineering},
  year = {2002}
}

@inproceedings{michlmayr2003,
  author = {Michlmayr, Martin and Hill, Benjamin Mako},
  title = {Quality and the Reliance on Individuals in Free Software Projects},
  booktitle = {Paper presented at the Third Workshop on Open-Source Software Engineering},
  year = {2003} 
}

@book{beck2007,
  title={Implementation Pattens},
  author={Beck, Kent},
  year={2007},
  publisher={Addison-Wesley Longman Publishing Co.}
}

@inproceedings{chidamber1994,
  title={A Metrics Suite for Object Oriented Design},
  author={Chidamber, Shyam R. and Keremer, Chris F.},
  booktitle={IEEE Transactions on Software Engineering},
  volume={20},
  pages={476--493},
  year={1994}
}

@inproceedings{henry1984kafura,
  title={The evaluation of software systems' structure using quantitative software metrics},
  author={Henry, S and Kafura, D},
  booktitle={Software Practice and Experience},
  pages={561--573},
  year={1984}
}

@inproceedings{troy1981zweben,
  title={Measuring  the Quality of Structured Designs},
  author={Troy, D A and Zweben, S H},
  booktitle={J. Systems and Software},
  pages={113--120},
  year={1981}
}

@inproceedings{yau1985zweben,
  title={Design Stability Measures for Software Maintenance},
  author={Yau, S S and Collofello, J S},
  booktitle={IEEE Transactions Software Engineering},
  pages={849--856},
  year={1985},
  organization={IEEE}
}

@phdthesis{systa2000,
  author={T. Sÿsta},
  title={Static and Dynamic Reverse Engineering Techniques for Java Software Systems},
  school={University of Tampere},
  year={2000},
  address={Department of Computer and Information Science. Finland},
  month={Maio}
}

@inproceedings{rakic2011budimac,
  title={Problems in Systematic Application of Software Metrics and Possible Solution},
  author={Rakic, Gordana and Budimac, Zoran},
  booktitle={5th International Conference on Information Technology},
  year={2011},
  organization={ICIT}
}

@book{fenton1998,
  title={Software Metrics: A Rigorous and Practical Approach},
  author={Fenton, Norman E and Pfleeger, Shari Lawrence},
  year={1998},
  publisher={Course Technology}
}

//TCC
@masterthesis{almeida2010,
  author={Almeida, Lucianna Thomaz and Miranda, João Machini},
  title={Código Limpo e seu Mapeamento para Métricas de Código Fonte},
  school = {Instituto de Matemática e Estatística da Universidade de São Paulo},
  year   = {2010}
}

@inproceedings{aggarwal2002,
  title={An Integrated Measure of Software Manitainability},
  author={Aggarwal, Krishan K and Singh, Yogesh and Chhabra, Jitender Kumar},
  booktitle={Proceedings Annual Reliability and Security Symposium},
  year={2002},
  pages={235--241},
  organization={ICIT}
}

@inproceedings{gandhi2013,
  title={Security Metric for Object Oriented Class Design - Result Analysis},
  author={Gandhi, Soham H and Anekar, D R and Shaikh, Makevash A and Salunkhe, Ajinkya A},
  booktitle={International Journal of Inoovative Technology and Exploring Engineering},
  year={2013},
  volume={2},
  organization={IJITEE}
}

@inproceedings{vries2006,
  title={Security Testing Web Applications throughout Automated Software Tests},
  author={Vries, Stephen de},
  booktitle={The Open Web Application Security Projects Europe Conference},
  year={2006},
  address={Leuven - Bélgica},
  organization={OWASP}
}//Leuven - Bélgica, Maio de 2006

@phdthesis{krsul1998,
  author={Krsul, I V},
  title={Software Vulnerability Analysis},
  school={Purdue University},
  year={1998},
  address={West Lafayette}
}

@inproceedings{mcgraw2004,
  title={Processes for Producing Secure Software: Summary of US National Cybersecurity Summit Subgroup Report},
  author={Davis, Noopur and Humphrey, Watts S and Redwine, Samuel T Jr. and Zibulski, Gerlinde and McGraw, Gary},
  booktitle={IEEE Security \& Privacy},
  pages={18--25},
  year={2004},
  organization={IEEE}
}

@misc{b2binternational2013,
  author={Kaspersky Lab and B2B International},
  title={Global Corporate IT Security Risks: 2013},
  month={Maio},
  year={2013},
  note={Research}
}

@inproceedings{jimenez2009,
  title={Software Vulnerabilities, Prevention and Detection Methods: A Review},
  author={Jimenez, Willy and Mammar, Amel and Cavalli, Ana R.},
  booktitle={First International Workshop on Security in Model Driven Architecture},
  year={2009},
  month={Junho},
  address={Enschede - Holanda}
}

@misc{afek2007,
  author={Afek, Jonathan and Sharabani, Adi},
  title={Dangling Pointer - Smashing the Pointer for Fun and Profit},
  year={2007},
  note={A whitepaper from Watchfire}
}

@inproceedings{lhee2002,
  title={Buffer Overflow and Format String Overflow Vulnerabilities},
  author={Lhee, Kyung-Suk and Chapin, Steve J},
  booktitle={SP\&E - Software, Practice and Experience},
  year={2002},
  address={Syracuse - Nova York - Estados Unidos}
}

@misc{uscert2012,
  author={Dougherty, Chad},
  title={Practical Identification of SQL Injection Vulnerabilities},
  year={2012},
  note={US-CERT - United States Computer Emergency Readiness Team}
}

@inproceedings{saltzer1975,
  title={The protection of information in operating systems},
  author={Saltzer, J H and Schroeder, M D},
  booktitle={Proceedings of the IEEE},
  year={1975},
  pages={1278--1308},
  organization={IEEE}
}

@book{bishop2003,
  title={Computer Security: Art and Science},
  author={Bishop, M},
  year={2003},
  publisher={Addison-Wesley}
}

@book{mcgraw2002,
  title={Building Secure Software: How To Avoid Security Problems The Right Way},
  author={Viega, J and McGraw, G},
  year={2002},
  publisher={Addison-Wesley}
}

@inproceedings{a1lshammari2009,
  title={Security Metrics for Object-Oriented Class Designs},
  author={Alshammari, Bandar and Fidge, Colin and Corney, Diane},
  booktitle={Ninth International Conference on Quality Software},
  year={2009},
  month={Agosto},
  organization={IEEE},
  address={Jeju - Coréia}
}

@masterthesis{pascoa2002,
  author = {João Eduardo Proença Páscoa},
  title  = {Fatores e Subfatores para Avaliação da Segurança em Software de Sistemas Críticos},
  school = {Escola Politécnica da Universidade de São Paulo},
  year   = {2002}
}

@inproceedings{khan2010,
  title={Securing Object Oriented Design: A Complexity Perspective},
  author={Khan, Suhel Ahmad and Khan, Raees Ahmad},
  booktitle={International Journal of Computer Applications (0975 – 8887)},
  volume={8},
  year={2010},
  month={Outubro},
}

@inproceedings{black2009,
  title={Static Analyzers in Software Engineering},
  author={Black, P},
  booktitle={CrossTalk, The Journal of Defense Software Engineering},
  pages={16--17},
  year={2009},
}

@inproceedings{howard2006,
  title={A Process for Performing Security Code Reviews},
  author={Howard, M},
  booktitle={IEEE Security \& Privacyg},
  pages={74--79},
  year={2006},
  organization={IEEE}
}

@techreport{cvss2007,
  author={Mell, Peter and Scarfone, Karen and Romanosky, Sasha},
  title={A Complete Guide to the Common Vulnerability Scoring System},
  institution={National Institute of Standards and Technology},
  month={junho},
  year={2007},
  note={Version 2.0}
}


@inproceedings{basili1983,
  title={An Empirical Study of a Syntactic Complexity Family},
  author={Basili, V R and Hutchens, D H},
  booktitle={IEEE Transaction on Software Engineering},
  pages={664--672},
  volume={9},
  year={1983},
  month={Novembro},
  organization={IEEE}
}

@inproceedings{martensson2005,
  title={Forming Consensus on Testability in Software Developing Organizations},
  author={Martensson, Frans and Grahn, Hakan and Mattsson, Michael},
  booktitle={Fifth Conference on Software Engineering Research and Practice in Sweden},
  pages={31--38},
  year={2005},
  month={Outubro},
  address={Västerås - Sweden}
}

@book{sametinger1997,
  title={Software Engineering with Reusable Components},
  author={Sametinger, Johannes},
  year={1997},
  publisher={Springer-Verlag}
}


@book{katki1991,
  title={IEEE Standard Computer Dictionary: Compilation of IEEE Standard Computer Glossaries},
  author={IEEE Computer Society and Standards Coordinating Committee},
  year={1991},
  publisher={IEEE}
}

@book{cruise2007,
  title={C.R.U.I.S.E - Component Reuse in Software Engineering},
  author={Almeida, Eduardo Santana and Alvaro, Alexandre and Garcia, Vinicius Cardoso and Mascena, Jorge Cláudio Cordeiro Pires and Burégio, Vanilson André de Arruda and Nascimento, Leandro Marques and Lucrédio, Daniel and Meira, Silvio Lemos},
  year={2007},
  publisher={CESAR}
}

@book{baldwin2000,
  title={Design Rules: The Power of Modularity},
  author={Baldwin, C. Y. and Clark, K. B.},
  year={2000},
  volume={1},
  publisher={The MIT Press}
}

@book{germoglio2009,
  title={Arquitetura de Software},
  author={Barbosa, Guilherme Mauro Germoglio},
  year={2009},
  publisher={}
}

@inproceedings{diehl2011,
  title={On the Congruence of Modularity and Code Coupling},
  author={Beck, Fabian and Diehl, Stephan},
  booktitle={Proceedings of the 19th ACM SIGSOFT symposium and the 13th European conference on Foundations of software engineering},
  pages={354--364},
  year={2011},
  address={New York - USA}
}

@masterthesis{baig2004,
  author = {Imran Baig},
  title  = {Measuring Cohesion and Coupling of Object-Oriented Systems - Derivation and Mutual Study of Cohesion and Coupling},
  school = {School of Engineering - Blekinge Institute of Technology},
  year   = {2004}
}

@book{kernighan1978,
  title={The Elements of Programming Style},
  author={Kernighan, Brian W. and Plauger, P. J.},
  year={1978},
  publisher={McGraw-Hill Book Company}
}

@book{gof1994,
  title={Design Patterns: Elements of Reusable Object-Oriented Software},
  author={Gamma, Erich and Helm, Richard and Johnson, Ralph and Vissides, John},
  year={1994},
  publisher={Addison-Wesley}
}

@inproceedings{hegedus2012,
  title={Myth or Reality? Analyzing the Effect of Design Patterns on Software Maintainability},
  author={Hegedüs, Péter and Bán, Dénes and Ferenc, Rudolf and Gyimóthy, Tibor},
  booktitle={Computer Applications for Software Engineering, Disaster Recovery, and Business Continuity Communications in Computer and Information Science},
  pages={138--145},
  volume={340},
  year={2012}
}

@book{kerievsky2008,
  title={Refatoração para Padrões},
  author={Joshua Kerievsky},
  year={2008},
  publisher={Bookman}
}

@inproceedings{fayad1997,
  title={Object-Oriented Application Frameworks},
  author={Fayad, Mohamed E. and Schmidt, Douglas C.},
  booktitle={Communications of the ACM},
  pages={32--38},
  volume={40},
  year={1997}
}

@book{fowler1999,
  title={Refactoring - Improving the Design of Existing Code},
  author={Fowler, Martin and Beck, Kent anb Brant, John and Opdyke, William and Roberts, Don},
  year={1999},
  publisher={Addison-Wesley}
}

@inproceedings{mansoor2014,
  title={ode-Smells Detection using Good and Bad Software Design Examples},
  author={Mansoor, Usman and Kessentini, Marouane and Bechikh, Slim and Deb, Kalyanmoy},
  booktitle={Computational Optimization and Innovation - COIN},
  year={2014}
}


@inproceedings{li1987,
  title={An Empirical Study of Software Metrics},
  author={Li, Hon Fung and Cheung, William Kwok},
  booktitle={IEEE Transactions Software Engineering},
  pages={697--708},
  year={1987}
}

@book{martin2002,
  title={Agile Software Development: Principles, Patterns and Practices},
  author={Martin, Robert C.},
  year={2002},
  publisher={Prentice Hall}
}

@book{lakos1996,
  title={Large-scale C++ software design},
  author={Lakos, J.},
  year={1996},
  publisher={Addison-Wesley}
}

@book{demeyer2002,
  title={Object-Oriented Reengineering Patterns},
  author={Demeyer, S. and Ducasse, S and Nierstrasz O},
  year={2002},
  publisher={Morgan Kaufmann}
}

@book{lieberherr1996,
  title={Lieberherr, Adaptative Object Oriented Software: The Demeter Method},
  author={Lieberherr, K. J.},
  year={1996},
  publisher={PWS Publishing}
}

@manual{iso9126,
  title  = {ISO/IEC 9126 - International Standard. Information Technology - Software Product Quality},
  year   = {1998},
}

@misc{westfall2005,
  title={12 Steps to Useful Software Metrics},
  author={Westfall, Linda},
  organization={The Westfall Team},
  year={2005}
}

@book{larman2007,
  title={Utilizando UML e Padrões},
  author={Larman, Craig},
  year={2007},
  publisher={Bookman}
}

@book{beck2002,
  title={Test Driven Development: By Example},
  author={Beck, Kent},
  year={2002},
  publisher={Addison-Wesley}
}

@unpublished{manzo2014,
  title={Mezuro - Coleta, interpretacão e exibição automatizadas de métricas estáticas de código-fonte},
  author={Manzo, Rafael R. and Camarinha, Diego A. M. and Palmeira, Alessandro and Sampaio, Feliipe S. and Fichberg, Renan and Meirelles, Paulo R. M.},
  year={2014},
  note={Enviado para o Congresso Brasileiro de Software 2014}
}

@techreport{vieira2013,
  title={Evolução Plataforma Mezuro: De Plugin a Aplicação Independente},
  author={Meneses, Vinícius Vieira and Meirelles, Paulo Roberto Miranda},
  year={2013},
  institution={Faculdade UnB Gama - FGA}
}

@book{thomaserl2007,
  title={SOA: Principles of Service Design},
  author={Erl, Thomas},
  year={2007},
  publisher={Prentice Hall}
}

//Até aqui está certo os meus
//http://en.wikipedia.org/wiki/BibTeX
//Referencias Carlos

@book{kimball2002,
title={The Data Warehouse Toolkit - The Complete Guide to Dimensional Modeling},
author={Kimball, Raph and Ross,Margy},
year={2002},
edition={2nd},
publisher={Jhon Wiley \& Sons, Inc},
address={New York, NY, USA}
}

@book{inmon2002,
title={Building the Data Warehouse},
author={Inmon, William H.},
year={2002},
edition={3nd},
publisher={Jhon Wiley \& Sons, Inc},
address={New York, NY, USA}
}

@book{elmasri2006,
title={Sistemas de Banco de Dados},
author={Elmasri, Ramez and Navathe, Shamkant},
year={2006},
edition={4nd},
publisher={Pearson Education do Brasil Ltda}
}

@book{ballard1998,
title={Data Modeling Techniques for Data Warehousing},
author={Ballard,Chuck and Herreman, Dirk and Schau, Don and Bell,Rhonda and Kim, Eunsaeng and Valencic, Ann},
year={1998},
edition={1nd}
}

@inproceedings{sen2011,
  title={A Model of Data Warehousing Process Maturity},
  author={Sen, A},
  booktitle={Software Engineering, IEEE Transactions on},
  pages={336-353},
  volume={38},
  year={2011}
}
@inproceedings{kimpel2013,
  title={Critical Success Factors for Data Warehousing: A Classic Answer to a Modern question},
  author={Kimpel, James F.},
  booktitle={Issues in Information Systems},
  pages={376-384},
  volume={14},
  year={2013}
}


@techreport{aranha2012,
  author={Aranha, Diego F. and Karam, Marcelo Monte and Miranda, André and Scarel, Felipe Brant},
  title={Vulnerabilidades no software da urna eletrônica brasileira},
  institution={Departamento de Ciência da Computação – Universidade de Brasília (CIC/UnB)
},
  year={2012}
}

@misc{cve2002,
  author = {Martin,Robert and Christey,Steven and Baker,David},
  title  = {A Progress Report on the CVE Initiative},
  month  = {Junho},
  year   = {2002},
  url    = {http://cve.mitre.org/docs/docs-2002/prog-rpt_06-02/}
}

@article{tsipenyuk2005,
  title={Seven Pernicious Kingdoms: A Taxonomy of Software Security Errors},
  author={Tsipenyuk,Katrina and Chess,Brian and McGraw,Gary},
  booktitle={IEEE Security \& Privacy},
  pages={81-84},
  volume={November/December 2005},
  year={2005}
}

@article{lopes2007,
  title={Ferramenta de Construção de Data Warehouse},
  author={Lopes,Maurício Capobianco and de Oliveira, Percio Alexandre },
  year={2007}
}


@article{duarte2005,
  title={Vulnerabilidades de Software e Formas de Minimizar suas Explorações},
  author={Duarte, Luiz Otavio and Barbato, Luiz Gustavo C. and Montes, Antonio},
  year={2005}
}


@monography{mazuco2011,
address={Porto Alegre},
author={Mazuco,Graziele Marques},
school={Faculdade de Informática, Universidade Católica do Rio Grande do Sul},
title={Uma Abordagem de Data Warehouse para Gestão de Métricas de Software com Análise e Valor Agregado},
type={Graduação},
year={2011}
}


@article{Silveira2010,
 author = {Silveira, Patr\'{\i}cia Souza and Becker, Karin and Ruiz, Duncan D.},
 title = {SPDW+: a seamless approach for capturing quality metrics in software development environments},
 journal = {Software Quality Control},
 issue_date = {June      2010},
 volume = {18},
 number = {2},
 month = jun,
 year = {2010},
 issn = {0963-9314},
 pages = {227--268},
 numpages = {42},
 url = {http://dx.doi.org/10.1007/s11219-009-9092-9},
 doi = {10.1007/s11219-009-9092-9},
 acmid = {1773775},
 publisher = {Kluwer Academic Publishers},
 address = {Hingham, MA, USA},
 keywords = {Metrics data warehousing, Metrics repository, Software development environments, Software metrics analysis and monitoring, Software quality metrics},
}

@inproceedings{Folleco2007,
  title = {Learning from Software Quality Data with Class Imbalance and Noise},
  author = {Andres Folleco and Taghi M. Khoshgoftaar and Jason Van Hulse and Chris Seiffert},
  year = {2007},
  tags = {data-flow},
  researchr = {http://researchr.org/publication/FollecoKHS07},
  cites = {0},
  citedby = {0},
  pages = {487},
  booktitle = {Proceedings of the Nineteenth International Conference on Software Engineering \& Knowledge Engineering (SEKE 2007), Boston, Massachusetts, USA, July 9-11, 2007},
  publisher = {Knowledge Systems Institute Graduate School},
  isbn = {1-891706-20-9},
}

@inproceedings{Castellanos2005,
 author = {Castellanos, Malu and Casati, Fabio and Shan, Ming-Chien and Dayal, Umesh},
 title = {iBOM: A Platform for Intelligent Business Operation Management},
 booktitle = {Proceedings of the 21st International Conference on Data Engineering},
 series = {ICDE '05},
 year = {2005},
 isbn = {0-7695-2285-8},
 pages = {1084--1095},
 numpages = {12},
 url = {http://dx.doi.org/10.1109/ICDE.2005.73},
 doi = {10.1109/ICDE.2005.73},
 acmid = {1054142},
 publisher = {IEEE Computer Society},
 address = {Washington, DC, USA},
} 


@misc{cve2001martin,
title={The Vulnerabilities of Developing on the Net},
author={Martin,Robert A.},
url={http://cve.mitre.org/docs/docs-2001/DevelopingOnNet.html},
urlaccessdate={08 maio 2007},
year={2001}
}


@monography{malerba2010,
address={Porto Alegre},
author={Malerba, Cesar},
school={Instituto de Informática, Universidade Federal do Rio Grande do Sul},
title={Vulnerabilidades e Exploits: técnicas, detecção e prevenção},
type = {Graduação},
year={2010}
}



@inproceedings{christey2006,
 author = { Christey,Steve},
 title = {PLOVER - Preliminary List Of Vulnerability Examples for Researchers},
 year = {2006}
} 

@misc{cavalcanti2012,
  Author = {Cavalcanti, Thiago Rodrigues},
  Title = {Suporte a Decisão - 02 - Sobre as operações de OLAP},
  Url = {http://www.itnerante.com.br/profiles/blogs/artigo-suporte-a-decis-o-02-sobre-as-opera-es-de-olap },
  urlaccessdate = {25 de Abril de 2014},
  Year = {2012}
  }

@book{miles1994,
title={Qualitative Data Analysis: An Expanded Source Book},
author={Miles, M. B. and Huberman, A. M},
year={1994},
edition={2nd},
publisher={Sage Publications Inc}
}

@inproceedings{luna1998,
 author = {Luna, Bráulio Fo},
 title = {Sequência Básica na Elaboração de Protocolos de Pesquisa},
 booktitle = {Arquivos Brasileiros de Cardiologia},
 year = {1998},
 isbn = {0066-782X},
 volume = {71},
 school = {Universidade Federal do Estado de São Paulo},
} 























@misc{germoglio2010fundamentos,
  title={Fundamentos da arquitetura de software},
  author={Germoglio, Guilherme},
  year={2010}
}

@book{buxton1970software,
  title={Software Engineering Techniques: Report on a Conference Sponsored by the NATO Science Committee},
  author={Buxton, John N and Randell, Brian},
  year={1970},
  publisher={NATO Science Committee; available from Scientific Affairs Division, NATO}
}

@phdthesis{fabricio2009instrumentation,
  author={Fabrício Ataides Braz},
  title={Instrumentação da Análise e Projeto de Software Seguro Baseada em Ameaças e Padrões},
  school={Universidade de Brasília},
  year={2009},
  address={Faculdade de Tecnologia},
  month={Abril}
}

@article{raymond1999cathedral,
  title={The Cathedral and the Bazaar: Musings on Linux and Open Source from an Accidental Revolutionary, Sebastapol},
  author={Raymond, Eric},
  journal={CA: O’Rei1ly BC Associates},
  year={1999}
}

@book{buschmann2007pattern,
  title={Pattern-oriented Software Architecture: On Patterns and Pattern Language},
  author={Buschmann, Frank and Henney, Kelvin and Schimdt, Douglas},
  volume={5},
  year={2007},
  publisher={John Wiley \& Sons}
}

@inproceedings{dias2000software,
  title={Software architecture analysis based on statechart semantics},
  author={Dias, Marcio S and Vieira, Marlon ER},
  booktitle={Software Specification and Design, 2000. Tenth International Workshop on},
  pages={133--137},
  year={2000},
  organization={IEEE}
}fabricio2009instrumentation

@book{clements2002documenting,
  title={Documenting software architectures: views and beyond},
  author={Clements, Paul and Garlan, David and Bass, Len and Stafford, Judith and Nord, Robert and Ivers, James and Little, Reed},
  year={2002},
  publisher={Pearson Education}
}

@article{xavier2001criaccao,
  title={Cria{\c{c}}{\~a}o e Instancia{\c{c}}{\~a}o de Arquiteturas de Software Espec{\'\i}ficas de Dom{\'\i}nio no contexto de uma Infra-estrutura de Reutiliza{\c{c}}{\~a}o},
  author={Xavier, Jos{\'e} Ricardo},
  journal={Sc., COPPE/UFRJ, Rio de Janeiro, Brasil, Junho},
  year={2001}
}

@inproceedings{gacek1995definition,
  title={On the definition of software system architecture},
  author={Gacek, Cristina and Abd-Allah, Ahmed and Clark, Bradford and Boehm, Barry},
  booktitle={Proceedings of the First International Workshop on Architectures for Software Systems},
  pages={85--94},
  year={1995},
  organization={Seattle, Wa}
}

@article{hilliard2000ieee,
  title={Ieee-std-1471-2000 recommended practice for architectural description of software-intensive systems},
  author={Hilliard, Rich},
  journal={IEEE, http://standards. ieee. org},
  year={2000}
}

@article{garlan1993introduction,
  title={An introduction to software architecture},
  author={Garlan, David and Shaw, Mary},
  journal={Advances in software engineering and knowledge engineering},
  volume={1},
  pages={1--40},
  year={1993},
  publisher={Singapore}
}

@article{shaw1996software,
  title={Software architecture: perspectives on an emerging discipline},
  author={Shaw, Mary and Garlan, David},
  year={1996},
  publisher={Prentice Hall}
}

@phdthesis{meirelles2010mezuro,
  author  = {Meirelles, Paulo and Morais, Carlos and Martins M., Rafael and Kon, Fabio and Santos Jr., Carlos and Maldonado, José},
  title   = {Mezuro: A Source Code Tracking Platform},
  school  = {FLOSS Competence Center – University of São Paulo},
  year    = {2010},
  address = {Instituto de Matemática e Estatística},
  month   = {Maio}
}

@article{meirelles2009crab,
  title={Crab: Uma ferramenta de configura{\c{c}}{\~a}o e interpreta{\c{c}}{\~a}o de m{\'e}tricas de software para avalia{\c{c}}{\~a}o de qualidade de c{\'o}digo},
  author={Meirelles, Paulo RM and C{\'o}be, Raphael and Hanazumi, Simone and Nunes, Paulo and Challco, Geiser and Martins, Straus and Morais, Eduardo and Kon, Fabio},
  journal={XXIII SBES-Simp{\'o}sio Brasileiro de Engenharia de Software (XVI Sess{\~a}o de Ferramentas). Citado na p{\'a}g},
  volume={33},
  year={2009}
}

@phdthesis{meirelles2013metrics,
 Author = {Paulo Roberto Miranda Meirelles},
 Title = {Monitoramento de métricas de código-fonte em projetos de software livre}, 
 School = {Instituto de Matemática e Estátistica -- Universidade de São Paulo (IME/USP)}, 
 Year = {2013}
 }

 @misc{noosfero2013plugins,
  author = {Aurélio A. Heckert},
  title  = {Plugins},
  month  = {Setembro},
  year   = {2013},
  url    = {http://noosfero.org/Development/Plugins}
}

@misc{qualipso2009,
  title = {Qualipso Project - O Projeto Qualipso},
  month = {Março},
  year  = {2009},
  url   = {http://qualipso.icmc.usp.br/}
}

@article{terceiro2012freesoftware,
  author  = {Antonio Soares de Azevedo Terceiro},
  title   = {Caraterização da Complexidade Estrutural em Sistemas de Software},
  school = {Universidade Federal da Bahia},
  year    = {2012}
}

@masterthesis{corbucci2011freemethods,
  author = {Hugo Corbucci},
  title  = {Métodos ágeis e software livre: um estudo da relação entre estas duas comunidades},
  school = {Instituto de Matemática e Estatística da Universidade de São Paulo},
  year   = {2011}
}

@inproceedings{godfrey2000evolution,
  title={Evolution in open source software: A case study},
  author={Godfrey, Michael W and Tu, Qiang},
  booktitle={Software Maintenance, 2000. Proceedings. International Conference on},
  pages={131--142},
  year={2000},
  organization={IEEE}
}

@inproceedings{mens2005challenges,
  title={Challenges in software evolution},
  author={Mens, Tom and Wermelinger, Michel and Ducasse, St{\'e}phane and Demeyer, Serge and Hirschfeld, Robert and Jazayeri, Mehdi},
  booktitle={Principles of Software Evolution, Eighth International Workshop on},
  pages={13--22},
  year={2005},
  organization={IEEE}
}

@incollection{fernandez2008empirical,
  title={Empirical studies of open source evolution},
  author={Fernandez-Ramil, Juan and Lozano, Angela and Wermelinger, Michel and Capiluppi, Andrea},
  booktitle={Software evolution},
  pages={263--288},
  year={2008},
  publisher={Springer}
}

@inproceedings{mockus2000case,
  title={A case study of open source software development: the Apache server},
  author={Mockus, Audris and Fielding, Roy T and Herbsleb, James},
  booktitle={Software Engineering, 2000. Proceedings of the 2000 International Conference on},
  pages={263--272},
  year={2000},
  organization={IEEE}
}

